% !Mode:: "TeX:UTF-8"

@INPROCEEDINGS{cnproceed,
	author    = {王重阳 and 黄药师 and 欧阳峰 and 洪七公 and 段皇帝},
	title     = {武林高手从入门到精通},
	booktitle = {第~$N$~次华山论剑},
	year      = 2006,
	address   = {西安, 中国},
	month     = sep,
	language   ="zh",
}

@ARTICLE{cnarticle,
	AUTHOR  = "林黛玉 and 薛宝钗 and 贾探春",
	TITLE   = "论刘姥姥食量大如牛之现实意义",
	JOURNAL = "红楼梦杂谈",
	PAGES   = "260--266",
	VOLUME  = "224",
	YEAR    = "1800",
	language   ="zh",
}


@inbook{Lin1992,
	language   ="zh",
	AUTHOR     = "林来兴",
	TITLE      = "空间控制技术",
	PUBLISHER  = "宇航出版社",
	YEAR       = "1992",
	Pages      = "25-42",
	ADDRESS    = "北京",
}

@book{xin1994,
	language   ="zh",
	title={信息技术与信息服务国际研讨会论文集},
	author={辛希孟 and 中国科学院文献信息中心 and 孟广均 and 信息学},
	year={1994},
	publisher={中国社会科学出版社},
	pages={45-49},
	address={北京},
	typeoflit={C},
}

@book{zhao1998,
	language   ="zh",
	title={新时代的工业工程师},
	author={赵耀东},
	year={1998},
	citedate =     {1998-09-26},
	address={台北},
	publisher={天下文化出版社},
	url={http://www.ie.nthu.edu.tw/info/ie.newie.htm(Big5)},
	typeoflit={M/OL},
}

@phdthesis{Chen1992,
	language   ="zh",
	Author = {谌颖},
	Title = {空间最优交会控制理论与方法研究},
	ADDRESS    = "哈尔滨",
	School = {哈尔滨工业大学},
	Year = {1992},
	pages= {8-13},
}

@article{hithesis2017,
	title={Hi!Thesis!,Harbin Institue of Technology},
	author={Yanshuo Chu},
	journal={Github},
	volume={001},
	number={0001},
	pages={000-999},
	year={2017},
}

@inproceedings{laure2018machine,
  title={Machine Learning to Data Management: A Round Trip},
  author={Laure, Berti-Equille and Angela, Bonifati and Tova, Milo},
  booktitle={2018 IEEE 34th International Conference on Data Engineering (ICDE)},
  pages={1735--1738},
  year={2018},
  organization={IEEE}
}

@article{zhang2017time,
  title={Time series data cleaning: From anomaly detection to anomaly repairing},
  author={Zhang, Aoqian and Song, Shaoxu and Wang, Jianmin and Yu, Philip S},
  journal={Proceedings of the VLDB Endowment},
  volume={10},
  number={10},
  pages={1046--1057},
  year={2017},
  publisher={VLDB Endowment}
}

@article{koufakou2010fast,
  title={A fast outlier detection strategy for distributed high-dimensional data sets with mixed attributes},
  author={Koufakou, Anna and Georgiopoulos, Michael},
  journal={Data Mining and Knowledge Discovery},
  volume={20},
  number={2},
  pages={259--289},
  year={2010},
  publisher={Springer}
}

@article{ha2014robust,
  title={Robust outlier detection using the instability factor},
  author={Ha, Jihyun and Seok, Seulgi and Lee, Jong-Seok},
  journal={Knowledge-Based Systems},
  volume={63},
  pages={15--23},
  year={2014},
  publisher={Elsevier}
}

@article{riffo2015automated,
  title={Automated detection of threat objects using adapted implicit shape model},
  author={Riffo, Vladimir and Mery, Domingo},
  journal={IEEE Transactions on Systems, Man, and Cybernetics: Systems},
  volume={46},
  number={4},
  pages={472--482},
  year={2015},
  publisher={IEEE}
}

@article{allen2011anomaly,
  title={Anomaly detection using model generation for event-based systems without a preexisting formal model},
  author={Allen, Lindsay V and Tilbury, Dawn M},
  journal={IEEE Transactions on Systems, Man, and Cybernetics-Part A: Systems and Humans},
  volume={42},
  number={3},
  pages={654--668},
  year={2011},
  publisher={IEEE}
}

@article{chandola2009anomaly,
  title={Anomaly detection: A survey},
  author={Chandola, Varun and Banerjee, Arindam and Kumar, Vipin},
  journal={ACM computing surveys (CSUR)},
  volume={41},
  number={3},
  pages={15},
  year={2009},
  publisher={ACM}
}

@article{eskin2000anomaly,
  title={Anomaly detection over noisy data using learned probability distributions},
  author={Eskin, Eleazar},
  year={2000}
}

@article{filonov2016multivariate,
  title={Multivariate industrial time series with cyber-attack simulation: Fault detection using an lstm-based predictive data model},
  author={Filonov, Pavel and Lavrentyev, Andrey and Vorontsov, Artem},
  journal={arXiv preprint arXiv:1612.06676},
  year={2016}
}

@article{mori2015similarity,
  title={Similarity measure selection for clustering time series databases},
  author={Mori, Usue and Mendiburu, Alexander and Lozano, Jose A},
  journal={IEEE Transactions on Knowledge and Data Engineering},
  volume={28},
  number={1},
  pages={181--195},
  year={2015},
  publisher={IEEE}
}

@inproceedings{hallac2017toeplitz,
  title={Toeplitz inverse covariance-based clustering of multivariate time series data},
  author={Hallac, David and Vare, Sagar and Boyd, Stephen and Leskovec, Jure},
  booktitle={Proceedings of the 23rd ACM SIGKDD International Conference on Knowledge Discovery and Data Mining},
  pages={215--223},
  year={2017},
  organization={ACM}
}

@inproceedings{papadimitriou2005streaming,
  title={Streaming pattern discovery in multiple time-series},
  author={Papadimitriou, Spiros and Sun, Jimeng and Faloutsos, Christos},
  booktitle={Proceedings of the 31st international conference on Very large data bases},
  pages={697--708},
  year={2005},
  organization={VLDB Endowment}
}

@inproceedings{kieu2018outlier,
  title={Outlier detection for multidimensional time series using deep neural networks},
  author={Kieu, Tung and Yang, Bin and Jensen, Christian S},
  booktitle={2018 19th IEEE International Conference on Mobile Data Management (MDM)},
  pages={125--134},
  year={2018},
  organization={IEEE}
}

@article{cai2018effective,
  title={Effective temporal dependence discovery in time series data},
  author={Cai, Qingchao and Xie, Zhongle and Zhang, Meihui and Chen, Gang and Jagadish, HV and Ooi, Beng Chin},
  journal={Proceedings of the VLDB Endowment},
  volume={11},
  number={8},
  pages={893--905},
  year={2018},
  publisher={VLDB Endowment}
}

@article{lin2007experiencing,
  title={Experiencing SAX: a novel symbolic representation of time series},
  author={Lin, Jessica and Keogh, Eamonn and Wei, Li and Lonardi, Stefano},
  journal={Data Mining and knowledge discovery},
  volume={15},
  number={2},
  pages={107--144},
  year={2007},
  publisher={Springer}
}

@inproceedings{shokoohi2015discovery,
  title={Discovery of meaningful rules in time series},
  author={Shokoohi-Yekta, Mohammad and Chen, Yanping and Campana, Bilson and Hu, Bing and Zakaria, Jesin and Keogh, Eamonn},
  booktitle={Proceedings of the 21th ACM SIGKDD international conference on knowledge discovery and data mining},
  pages={1085--1094},
  year={2015},
  organization={ACM}
}

@article{liu2017efficient,
  title={Efficient outlier detection for high-dimensional data},
  author={Liu, Huawen and Li, Xuelong and Li, Jiuyong and Zhang, Shichao},
  journal={IEEE Transactions on Systems, Man, and Cybernetics: Systems},
  volume={48},
  number={12},
  pages={2451--2461},
  year={2017},
  publisher={IEEE}
}

@inproceedings{yuan2017detecting,
  title={Detecting multiple periods and periodic patterns in event time sequences},
  author={Yuan, Quan and Shang, Jingbo and Cao, Xin and Zhang, Chao and Geng, Xinhe and Han, Jiawei},
  booktitle={Proceedings of the 2017 ACM on Conference on Information and Knowledge Management},
  pages={617--626},
  year={2017},
  organization={ACM}
}

@article{golab2009sequential,
  title={Sequential dependencies},
  author={Golab, Lukasz and Karloff, Howard and Korn, Flip and Saha, Avishek and Srivastava, Divesh},
  journal={Proceedings of the VLDB Endowment},
  volume={2},
  number={1},
  pages={574--585},
  year={2009},
  publisher={VLDB Endowment}
}

@article{hido2011statistical,
  title={Statistical outlier detection using direct density ratio estimation},
  author={Hido, Shohei and Tsuboi, Yuta and Kashima, Hisashi and Sugiyama, Masashi and Kanamori, Takafumi},
  journal={Knowledge and information systems},
  volume={26},
  number={2},
  pages={309--336},
  year={2011},
  publisher={Springer}
}

@inproceedings{zhang2016sequential,
  title={Sequential data cleaning: a statistical approach},
  author={Zhang, Aoqian and Song, Shaoxu and Wang, Jianmin},
  booktitle={Proceedings of the 2016 International Conference on Management of Data},
  pages={909--924},
  year={2016},
  organization={ACM}
}

@inproceedings{song2015screen,
  title={Screen: Stream data cleaning under speed constraints},
  author={Song, Shaoxu and Zhang, Aoqian and Wang, Jianmin and Yu, Philip S},
  booktitle={Proceedings of the 2015 ACM SIGMOD International Conference on Management of Data},
  pages={827--841},
  year={2015},
  organization={ACM}
}

@article{gonzalez2003anomaly,
  title={Anomaly detection using real-valued negative selection},
  author={Gonz{\'a}lez, Fabio A and Dasgupta, Dipankar},
  journal={Genetic Programming and Evolvable Machines},
  volume={4},
  number={4},
  pages={383--403},
  year={2003},
  publisher={Springer}
}

@article{gupta2013outlier,
  title={Outlier detection for temporal data: A survey},
  author={Gupta, Manish and Gao, Jing and Aggarwal, Charu C and Han, Jiawei},
  journal={IEEE Transactions on Knowledge and Data Engineering},
  volume={26},
  number={9},
  pages={2250--2267},
  year={2013},
  publisher={IEEE}
}

@article{budalakoti2006anomaly,
  title={Anomaly detection in large sets of high-dimensional symbol sequences},
  author={Budalakoti, Suratna and Srivastava, Ashok N and Akella, Ram and Turkov, Eugene},
  year={2006}
}

@inproceedings{florez2005efficient,
  title={Efficient modeling of discrete events for anomaly detection using hidden Markov models},
  author={Florez-Larrahondo, German and Bridges, Susan M and Vaughn, Rayford},
  booktitle={International Conference on Information Security},
  pages={506--514},
  year={2005},
  organization={Springer}
}

@inproceedings{guo2010improved,
  title={An improved piecewise aggregate approximation based on statistical features for time series mining},
  author={Guo, Chonghui and Li, Hailin and Pan, Donghua},
  booktitle={International conference on knowledge science, engineering and management},
  pages={234--244},
  year={2010},
  organization={Springer}
}

@inproceedings{li2019mad,
  title={MAD-GAN: Multivariate anomaly detection for time series data with generative adversarial networks},
  author={Li, Dan and Chen, Dacheng and Jin, Baihong and Shi, Lei and Goh, Jonathan and Ng, See-Kiong},
  booktitle={International Conference on Artificial Neural Networks},
  pages={703--716},
  year={2019},
  organization={Springer}
}

@inproceedings{srivastava2015unsupervised,
  title={Unsupervised learning of video representations using lstms},
  author={Srivastava, Nitish and Mansimov, Elman and Salakhudinov, Ruslan},
  booktitle={International conference on machine learning},
  pages={843--852},
  year={2015}
}

@inproceedings{chandola2008comparative,
  title={Comparative evaluation of anomaly detection techniques for sequence data},
  author={Chandola, Varun and Mithal, Varun and Kumar, Vipin},
  booktitle={2008 Eighth IEEE international conference on data mining},
  pages={743--748},
  year={2008},
  organization={IEEE}
}

@inproceedings{kang2005learning,
  title={Learning classifiers for misuse detection using a bag of system calls representation},
  author={Kang, Dae-Ki and Fuller, Doug and Honavar, Vasant},
  booktitle={International Conference on Intelligence and Security Informatics},
  pages={511--516},
  year={2005},
  organization={Springer}
}

@article{tian2007sequence,
  title={Sequence-similarity kernels for SVMs to detect anomalies in system calls},
  author={Tian, Shengfeng and Mu, Shaomin and Yin, Chuanhuan},
  journal={Neurocomputing},
  volume={70},
  number={4-6},
  pages={859--866},
  year={2007},
  publisher={Elsevier}
}

@inproceedings{wang2006native,
  title={Native API based windows anomaly intrusion detection method using SVM},
  author={Wang, Miao and Zhang, Cheng and Yu, Jingjing},
  booktitle={IEEE International Conference on Sensor Networks, Ubiquitous, and Trustworthy Computing (SUTC'06)},
  volume={1},
  pages={6--pp},
  year={2006},
  organization={IEEE}
}

@article{huang2013rank,
  title={Rank-based outlier detection},
  author={Huang, Huaming and Mehrotra, Kishan and Mohan, Chilukuri K},
  journal={Journal of Statistical Computation and Simulation},
  volume={83},
  number={3},
  pages={518--531},
  year={2013},
  publisher={Taylor \& Francis}
}

@inproceedings{ramaswamy2000efficient,
  title={Efficient algorithms for mining outliers from large data sets},
  author={Ramaswamy, Sridhar and Rastogi, Rajeev and Shim, Kyuseok},
  booktitle={ACM Sigmod Record},
  volume={29},
  number={2},
  pages={427--438},
  year={2000},
  organization={ACM}
}

@inproceedings{angiulli2002fast,
  title={Fast outlier detection in high dimensional spaces},
  author={Angiulli, Fabrizio and Pizzuti, Clara},
  booktitle={European Conference on Principles of Data Mining and Knowledge Discovery},
  pages={15--27},
  year={2002},
  organization={Springer}
}

@article{wang2015fast,
  title={A fast MST-inspired kNN-based outlier detection method},
  author={Wang, Xiaochun and Wang, Xia Li and Ma, Yongqiang and Wilkes, D Mitchell},
  journal={Information Systems},
  volume={48},
  pages={89--112},
  year={2015},
  publisher={Elsevier}
}

@inproceedings{aggarwal2015outlier,
  title={Outlier analysis},
  author={Aggarwal, Charu C},
  booktitle={Data mining},
  pages={237--263},
  year={2015},
  organization={Springer}
}

@inproceedings{kieu2019outlier,
  title={Outlier detection for time series with recurrent autoencoder ensembles},
  author={Kieu, Tung and Yang, Bin and Guo, Chenjuan and Jensen, Christian S},
  booktitle={28th international joint conference on artificial intelligence},
  year={2019}
}

@inproceedings{chan2005modeling,
  title={Modeling multiple time series for anomaly detection},
  author={Chan, Philip K and Mahoney, Matthew V},
  booktitle={Fifth IEEE International Conference on Data Mining (ICDM'05)},
  pages={8--pp},
  year={2005},
  organization={IEEE}
}

@inproceedings{ma2003online,
  title={Online novelty detection on temporal sequences},
  author={Ma, Junshui and Perkins, Simon},
  booktitle={Proceedings of the ninth ACM SIGKDD international conference on Knowledge discovery and data mining},
  pages={613--618},
  year={2003},
  organization={ACM}
}

@inproceedings{le2017time,
  title={Time series classification by sequence learning in all-subsequence space},
  author={Le Nguyen, Thach and Gsponer, Severin and Ifrim, Georgiana},
  booktitle={2017 IEEE 33rd international conference on data engineering (ICDE)},
  pages={947--958},
  year={2017},
  organization={IEEE}
}

@inproceedings{thill2017online,
  title={Online anomaly detection on the webscope S5 dataset: A comparative study},
  author={Thill, Markus and Konen, Wolfgang and B{\"a}ck, Thomas},
  booktitle={2017 Evolving and Adaptive Intelligent Systems (EAIS)},
  pages={1--8},
  year={2017},
  organization={IEEE}
}

@article{malhotra2016lstm,
  title={LSTM-based encoder-decoder for multi-sensor anomaly detection},
  author={Malhotra, Pankaj and Ramakrishnan, Anusha and Anand, Gaurangi and Vig, Lovekesh and Agarwal, Puneet and Shroff, Gautam},
  journal={arXiv preprint arXiv:1607.00148},
  year={2016}
}

@inproceedings{elkan2001foundations,
  title={The foundations of cost-sensitive learning},
  author={Elkan, Charles},
  booktitle={International joint conference on artificial intelligence},
  volume={17},
  number={1},
  pages={973--978},
  year={2001},
  organization={Lawrence Erlbaum Associates Ltd}
}